<record><leader>00000cas a2200000 a 4500</leader><controlfield tag="001">11960688</controlfield><controlfield tag="008">850425d18901898ksuwr ne      0    0eng d</controlfield><datafield ind1=" " ind2=" " tag="010"><subfield code="a">sn 85031211 </subfield></datafield><datafield ind1=" " ind2=" " tag="040"><subfield code="a">KSH</subfield><subfield code="b">eng</subfield><subfield code="c">KSH</subfield><subfield code="d">NPT</subfield><subfield code="d">OCL</subfield><subfield code="d">OCLCQ</subfield></datafield><datafield ind1=" " ind2=" " tag="042"><subfield code="a">msc</subfield></datafield><datafield ind1="0" ind2=" " tag="130"><subfield code="a">People's advocate (Marysville, Kan.)</subfield></datafield><datafield ind1="1" ind2="4" tag="245"><subfield code="a">The people's advocate.</subfield></datafield><datafield ind1=" " ind2=" " tag="260"><subfield code="a">Marysville, Kan. :</subfield><subfield code="b">Clark &amp; Runneals,</subfield><subfield code="c">1890-1898.</subfield></datafield><datafield ind1=" " ind2=" " tag="300"><subfield code="a">8 v. :</subfield><subfield code="b">ill.</subfield></datafield><datafield ind1=" " ind2=" " tag="310"><subfield code="a">Weekly</subfield></datafield><datafield ind1="0" ind2=" " tag="362"><subfield code="a">Vol. 4, no. 51 (Aug. 21, 1890)-v. 12, no. 20 (Jan. 28, 1898).</subfield></datafield><datafield ind1=" " ind2=" " tag="500"><subfield code="a">Publisher varies.</subfield></datafield><datafield ind1=" " ind2=" " tag="500"><subfield code="a">"Devoted to the interests of the laboring people."</subfield></datafield><datafield ind1=" " ind2=" " tag="525"><subfield code="a">Supplements included.</subfield></datafield><datafield ind1=" " ind2=" " tag="752"><subfield code="a">United States</subfield><subfield code="b">Kansas</subfield><subfield code="c">Marshall</subfield><subfield code="d">Marysville.</subfield></datafield><datafield ind1="0" ind2="0" tag="780"><subfield code="t">True republican (Marysville, Kan.)</subfield><subfield code="w">(DLC)sn 85031212</subfield></datafield><datafield ind1="0" ind2="7" tag="785"><subfield code="t">Marshall County democrat (Marysville, Kan. : 1882)</subfield><subfield code="w">(DLC)sn 85031213</subfield></datafield><datafield ind1="0" ind2="7" tag="785"><subfield code="t">Advocate and democrat</subfield><subfield code="w">(DLC)sn 85031214</subfield></datafield></record>